
  <record xmlns="http://www.loc.gov/MARC21/slim">
    <controlfield tag="001">2 </controlfield>
    <datafield tag="245" ind1="0" ind2="0">
      <subfield code="a">Deviant bodies :</subfield>
      <subfield code="b">critical perspectives on difference in science and popular culture.</subfield>
    </datafield>
  </record>