
  <record xmlns="http://www.loc.gov/MARC21/slim">
    <controlfield tag="001">3 </controlfield>
    <datafield tag="245" ind1="0" ind2="0">
      <subfield code="a">Deviant bodies /</subfield>
      <subfield code="c">edited by Jennifer Terry and Jacqueline Urla.</subfield>
    </datafield>
  </record>