
  <record xmlns="http://www.loc.gov/MARC21/slim">
    <controlfield tag="001">4 </controlfield>
    <datafield tag="245" ind1="0" ind2="0">
      <subfield code="a">Deviant bodies.</subfield>
    </datafield>
  </record>