
  <record xmlns="http://www.loc.gov/MARC21/slim">
    <controlfield tag="001">5 </controlfield>
    <datafield tag="245" ind1=" " ind2=" ">
      <subfield code="a">Handbuch Körpersoziologie</subfield>
      <subfield code="c">Robert Gugutzer ... (Hrsg.)</subfield>
      <subfield code="n">1</subfield>
      <subfield code="p">Grundbegriffe und theoretische Perspektiven</subfield>
    </datafield>
  </record>