
  <record xmlns="http://www.loc.gov/MARC21/slim">
    <controlfield tag="001">6 </controlfield>
    <datafield tag="240" ind1="1" ind2="2">
      <subfield code="a">Transactions of the Philological Society (Online)</subfield>
    </datafield>
    <datafield tag="245" ind1=" " ind2=" ">
      <subfield code="a">Handbuch Körpersoziologie</subfield>
      <subfield code="b">critical perspectives on difference in science and popular culture</subfield>
      <subfield code="c">Robert Gugutzer ... (Hrsg.)</subfield>
      <subfield code="n">1,</subfield>
      <subfield code="p">Grundbegriffe und theoretische Perspektiven.</subfield>
      <subfield code="n">2,</subfield>
      <subfield code="p">Perspektiven.</subfield>
    </datafield>
  </record>
  <record xmlns="http://www.loc.gov/MARC21/slim">
    <controlfield tag="001">7 </controlfield>
    <datafield tag="246" ind1="1" ind2=" ">
      <subfield code="i">HTML title:</subfield>
      <subfield code="a">Chem comm online</subfield>
    </datafield>
    <datafield tag="246" ind1="1" ind2="0">
      <subfield code="a">JCT4</subfield>
    </datafield>
    <datafield tag="246" ind1="1" ind2="1">
      <subfield code="a">JCT4</subfield>
    </datafield>
    <datafield tag="246" ind1="1" ind2="2">
      <subfield code="a">JCT4</subfield>
    </datafield>
    <datafield tag="246" ind1="1" ind2="3">
      <subfield code="a">JCT</subfield>
      <subfield code="f">&lt;Oct. 2005-&gt;</subfield>
    </datafield>
    <datafield tag="246" ind1="1" ind2="4">
      <subfield code="a">JCT4</subfield>
    </datafield>
    <datafield tag="246" ind1="1" ind2="5">
      <subfield code="a">JCT5</subfield>
    </datafield>
    <datafield tag="246" ind1="1" ind2="6">
      <subfield code="a">JCT6</subfield>
    </datafield>
    <datafield tag="246" ind1="1" ind2="7">
      <subfield code="a">JCT7</subfield>
    </datafield>
    <datafield tag="246" ind1="1" ind2="8">
      <subfield code="a">JCT8</subfield>
    </datafield>
  </record>
</collection>
